@article{C2,
author = {K. Dana and B. Van Ginneken and S. Nayar and J. Koenderink},
title = {Reflectance and Texture of Real-World Surfaces},
journal = {ACM Transactions on Graphics},
volume = 18, 
number = 1, 
pages = {1--34}, 
year = 1999
}

@article{C3,
author = {Lindsay MacDonald and Stuart Robson},
title = {Polynomial Texture Mapping and 3D Representations},
journal = {International Archives of Photogrammetry, Remote Sensing and Spatial Information Sciences},
volume = 38,  
year = 2010
}

@article{C1,
author = {T. Leung and J. Malik},
title = {Representing and recognizing the visual appearance of materials using three-dimensional textons},
journal = {International Journal On Computer Vision},
volume = 43, 
number = 1, 
pages = {29--44}, 
year = 2001
}

@article{C4,
author = {T. Malzbender and D. Gelb and H. Wolters},
title = {Polynomial texture maps},
journal = {In Computer Graphics, SIGGRAPH Proceedings},
pages = {519--528}, 
year = 2001
}

@article{C6,
author = {C. Rocchini and P. Cignoni and C. Montani and R. Scopigno},
title = {Multiple textures stitching and blending on 3D objects},
journal = {In Eurographics Rendering Workshop},
pages = {119--130}, 
year = 1999
}

@article{C8,
author = {A. Baumberg},
title = {Blending images for texturing 3D models},
journal = {In proc. Conf. on British Machine Vision Association},
pages = {404--413}, 
year = 2002
}

@article{C9,
author = {S. Nayar and G. Krishnan and M.D. Grossberg and R. Raskar},
title = {Fast Separation of Direct and Global Components of a Scene using High Frequency Illumination},
journal = {Proceedings of ACM SIGGRAPH},
year = 2006
}

@article{C5,
author = {M. Ashikhmin and P. Shirley},
title = {Steerable illumination textures},
journal = {ACM Transactions on Graphics},
volume = {21},
pages = {1--19}, 
year = 2002
}

@article{C14,
author = {G. Earl and K. Martinez and T. Malzbender},
title = {Archaeological Applications of Polynomial Texture Mapping: Analysis, Conservation and Representation},
journal = {Journal of Archaeological Science},
pages = {2040--2050}, 
year = 2010
}

@article{C10,
author = {M. Drew and N. Hajari and Y. Hel-Or and T. Malzbender},
title = {Specularity and shadow interpolation via robust polynomial texture maps},
journal = {In Proceedings of the British Machine Vision Conference},
year = 2009
}

@article{C7,
author = {M. Soucy and G. Godin and R. Baribeau and F. Blais and M. Rioux},
title = {Sensons and algorithms for the construction of digital 3D colour models of real objects},
journal = {Image Processing Proceedings},
pages = {409--412}, 
year = 1996
}

@article{C11,
author = {P. J. Rousseeuw},
title = {L
east median of squares regression},
journal = {J. Amer. Stat. Assoc.},
pages = {871--880}, 
year = 1984
}

@article{C13,
author = {J. Padfield and D. Saunders and T. Malzbender},
title = {Polynomial Texture Mapping: A New Tool For Examining The Surface Of Paintings},
journal = {ICOM Committee for Conservation},
volume = {1},
pages = {504--510}, 
year = 2005
}

@article{C12,
author = {Y. Hel-Or and T. Malzbender and D. Gelb},
title = {Synthesis and Rendering of 3D Textures},
journal = {3rd International Workshop on Texture Analysis and Synthesis},
year = 2003
}




@Article{A1,
  author =       "R. M. Haralick and L. G. Shapiro",
  title =        "Image segmentation techniques",
  journal = 	 "Computer Vision, Graphics and Image Processing",
  year = 	 "1985",
  volume = 	 "29",
  pages = 	 "100-132"
}
@Article{A2,
  author =       "N. Otsu",
  title =        "A threshold selection method from gray-level histograms",
  journal = 	 "IEEE Systems, Man, and Cybernetics Society",
  year = 	 "1979",
  volume = 	 "9",
  pages = 	 "62-66"
}

@Article{A3,
  author =       "P. K. Sahoo and S. Soltani and A. K. C. Wong and Y. C. Chen",
  title =        "A survey of thresholding techniques",
  journal = 	 "Computer Vision, Graphics and Image Processing",
  year = 	 "1988",
  volume = 	 "41",
  pages = 	 "233-260"
}
@Article{A4,
  author =       "N. R. Pal and S. K. Pal",
  title =        "A review on image segmentation techniques",
  journal = 	 "Pattern Recognition",
  year = 	 "1993",
  volume = 	 "26",
  pages = 	 "1227-1249"
}
@Article{A5,
  author =       "J. Kittler and J. Illingworth and J. Foglein",
  title =        "Threshold selection based on a simple image statistic",
  journal = 	 "Computer Vision, Graphics, and Image Processing",
  year = 	 "1985",
  volume = 	 "30",
  pages = 	 "125-147"
}
@Article{A6,
  author =       "J. J. Sauvola and M. Pietikainen",
  title =        "Adaptive document image binarization",
  journal = 	 "Pattern Recognition",
  year = 	 "2000",
  volume = 	 "33",
  pages = 	 "225-236"
}
@Article{A7,
  author =       "P. Sahoo and G. Arora",
  title =        "A thresholding method based on two-dimensional Renyiâ€™s entropy",
  journal = 	 "Pattern Recognition",
  year = 	 "2004",
  volume = 	 "37",
  pages = 	 "1149-1161"
}
@Article{A8,
  author =       "J. Bernsen",
  title =        "Dynamic thresholding of gray level images",
  journal = 	 "International Conference on Pattern Recognition",
  year = 	 "1986",
  pages = 	 "1251-1255"
}
@Article{A9,
  author = 	 "W. Niblack",
  title =        "An introduction to digital image processing",
  journal =    "New York: Prentice Hall",
  year = 	 "1986"
}
@Article{A11,
  author = 	 "A. Hyvarinen and J. Karhunen and E. Oja",
  title =        "Independent Component Analysis",
  journal =      "John Wiley and Sons, New York,",
  year = 	 "2001"
}

@Article{A12,
  author = 	 "A. Hyvarinen and E. Oja",
  title =        "Independent component analysis: Algorithms and applications",
  journal =      "Neural Networks",
  year = 	 "2001", 
  volume =       "13",
  pages =        "411-430"
}

@Article{A13,
  author = 	 "A. Cichocki and S. Amari",
  title =        "Adaptive blind signal and image processing",
  journal =      "John Wiley and Sons, New York",
  year = 	 "2002" 
}
@Article{A14,
  author = 	 "S. Yanowitz and A. Bruckstein",
  title =        "A new method for image segmentation",
  journal =      "International Conference on Pattern Recognition",
  year = 	 "1988",
  volume =       "1",
  pages =        "270-275" 
}
@Article{A15,
 
  title =        "Robust  word recognition dataset",
  journal =      "http://algoval.essex.ac.uk/icdar/RobustWord.html"
}